<record><leader>00000cas a2200000 a 4500</leader><controlfield tag="001">13107822</controlfield><controlfield tag="008">860205d18851908inuwr ne      0    0eng d</controlfield><datafield ind1=" " ind2=" " tag="010"><subfield code="a">sn 86063050 </subfield></datafield><datafield ind1=" " ind2=" " tag="040"><subfield code="a">KSH</subfield><subfield code="b">eng</subfield><subfield code="c">KSH</subfield><subfield code="d">NPT</subfield><subfield code="d">NPI</subfield><subfield code="d">OCL</subfield><subfield code="d">OCLCQ</subfield></datafield><datafield ind1=" " ind2=" " tag="042"><subfield code="a">msc</subfield></datafield><datafield ind1="0" ind2="0" tag="245"><subfield code="a">Clay City reporter.</subfield></datafield><datafield ind1=" " ind2=" " tag="260"><subfield code="a">Clay City, Ind. :</subfield><subfield code="b">George W. Levis,</subfield><subfield code="c">1885-</subfield></datafield><datafield ind1=" " ind2=" " tag="300"><subfield code="a">v. :</subfield><subfield code="b">ill. ;</subfield><subfield code="c">61 cm.</subfield></datafield><datafield ind1=" " ind2=" " tag="310"><subfield code="a">Weekly</subfield></datafield><datafield ind1="0" ind2=" " tag="362"><subfield code="a">Vol. 5, no. 10 (June 5, 1885)-</subfield></datafield><datafield ind1=" " ind2=" " tag="752"><subfield code="a">United States</subfield><subfield code="b">Indiana</subfield><subfield code="c">Clay</subfield><subfield code="d">Clay City.</subfield></datafield><datafield ind1="0" ind2="0" tag="780"><subfield code="t">Clay City independent</subfield><subfield code="w">(DLC)sn 90099350</subfield></datafield><datafield ind1="1" ind2=" " tag="029"><subfield code="a">AU@</subfield><subfield code="b">000022167061</subfield></datafield></record>